@MISC{Bristeau,
    author = {Pierre-Jean Bristeau and François Callou and David Vissière and Nicolas Petit},
    title = {The Navigation and Control technology inside the AR.Drone Micro UAV},
    year = {2011}
}

@MISC{Dijkshoorn,
    author = {Nick Dijkshoorn},
    title = {Simultaneous Localization and Mapping with the AR.Drone},
    year = {2012}
}

@INPROCEEDINGS{Clark, 
author={Leung, K.Y.K. and Clark, C.M. and Huissoon, J.P.}, 
booktitle={Robotics and Automation, 2008. ICRA 2008. IEEE International Conference on}, title={Localization in urban environments by matching ground level video images with an aerial image}, 
year={2008}, 
month={may}, 
volume={}, 
number={}, 
pages={551 -556}, 
doi={10.1109/ROBOT.2008.4543264}, 
ISSN={1050-4729},}

@inproceedings{Steffen,
  title={On visual real time mapping for unmanned aerial vehicles},
  author={Steffen, R. and F{\"o}rstner, W.},
  booktitle={21st Congress of the International Society for Photogrammetry and Remote Sensing (ISPRS)},
  pages={57--62},
  year={2008}
}

@MISC{Yap,
    author = {Teddy Yap and Mingyang Li and Anastasios I. Mourikis and Christian R. Shelton},
    title = {A Particle Filter for Monocular Vision-Aided Odometry},
    year = {}
}

@MISC{Rusinkiewicz,
    author = {Szymon Rusinkiewicz and Olaf Hall-Holt and Marc Levoy},
    title = {Real-Time 3D Model Acquisition},
    year = {2002}
}

@MISC{Agisoft,
    title = {Agisoft PhotoScan},
    howpublished = "\url{http://www.agisoft.ru/products/photoscan}"
}

@MISC{ParrotPress,
  title = "{Parrot Press Photos}",
  howpublished = "\url{http://ardrone2.parrot.com/photos/photo-album/}"
}

@MISC{Bundler,
    title = {Bundler: Structure from Motion (SfM) for Unordered Image Collections},
    howpublished = "\url{http://phototour.cs.washington.edu/bundler/}"
}

@MISC{Forums,
  title = "AR.Drone Forum: Weight Capacity",
  howpublished = "\url{http://forum.parrot.com/ardrone/en/viewtopic.php?id=4545}" 
}

@MISC{Mikrocopter,
  title="MK-QuadroKopter",
  howpublished="\url{http://www.mikrokopter.de/ucwiki/en/MK-Quadro}"
  
}

@MISC{Autonomy,
  title="ardrone\_autonomy",
  howpublished="\url{https://github.com/AutonomyLab/ardrone\_autonomy}"
}

@MISC{ARToolkit,
  title="ARToolkit",
  howpublished="\url{http://www.hitl.washington.edu/artoolkit/}"
}

@inproceedings{Levoy,
 author = {Levoy, Marc and Pulli, Kari and Curless, Brian and Rusinkiewicz, Szymon and Koller, David and Pereira, Lucas and Ginzton, Matt and Anderson, Sean and Davis, James and Ginsberg, Jeremy and Shade, Jonathan and Fulk, Duane},
 title = {The digital Michelangelo project: 3D scanning of large statues},
 booktitle = {Proceedings of the 27th annual conference on Computer graphics and interactive techniques},
 series = {SIGGRAPH '00},
 year = {2000},
 isbn = {1-58113-208-5},
 pages = {131--144},
 numpages = {14},
 url = {http://dx.doi.org/10.1145/344779.344849},
 doi = {10.1145/344779.344849},
 acmid = {344849},
 publisher = {ACM Press/Addison-Wesley Publishing Co.},
 address = {New York, NY, USA}
} 

@INPROCEEDINGS{Engel, 
author={Engel, J. and Sturm, J. and Cremers, D.}, 
booktitle={Intelligent Robots and Systems (IROS), 2012 IEEE/RSJ International Conference on}, title={Camera-based navigation of a low-cost quadrocopter}, 
year={2012}, 
month={oct.}, 
volume={}, 
number={}, 
pages={2815 -2821}, 
doi={10.1109/IROS.2012.6385458}, 
ISSN={2153-0858},}

@article{Engel2,
  title={Accurate Figure Flying with a Quadrocopter Using Onboard Visual and Inertial Sensing},
  author={Engel, J. and Sturm, J. and Cremers, D.},
  journal={IMU},
  volume={320},
  pages={240}
}

@inproceedings{Irschara,
  title={Towards fully automatic photogrammetric reconstruction using digital images taken from UAVs},
  author={Irschara, A. and Kaufmann, V. and Klopschitz, M. and Bischof, H. and Leberl, F.},
  booktitle={Proceedings of the ISPRS TC VII Symposium—100 Years ISPRS},
  year={2010}
}

@MISC{Fox,
    author = {Dieter Fox and Sebastian Thrun and Wolfram Burgard and Frank Dellaert},
    title = {Particle Filters for Mobile Robot Localization},
    year = {2001}
}

@article{Mendes,
  title={Assisted Teleoperation of Quadcopters Using Obstacle Avoidance},
  author={Mendes, Joao Pedro Baptista},
  year={2012}
}

@phdthesis{Negenborn,
  title={Robot localization and kalman filters},
  author={Negenborn, Rudy},
  year={2003},
  school={Citeseer}
}

@inproceedings{ROS,
  title={ROS: an open-source Robot Operating System},
  author={Quigley, Morgan and Conley, Ken and Gerkey, Brian and Faust, Josh and Foote, Tully and Leibs, Jeremy and Wheeler, Rob and Ng, Andrew Y},
  booktitle={ICRA workshop on open source software},
  volume={3},
  number={3.2},
  year={2009}
}

@incollection{ARDroneEducation,
  title={AR-drone as a platform for robotic research and education},
  author={Krajn{\'\i}k, Tom{\'a}{\v{s}} and Von{\'a}sek, Vojt{\v{e}}ch and Fi{\v{s}}er, Daniel and Faigl, Jan},
  booktitle={Research and Education in Robotics-EUROBOT 2011},
  pages={172--186},
  year={2011},
  publisher={Springer}
}

@article{ARToolkitOrig,
  title={ARToolKit: library for Vision-Based augmented reality},
  author={Kato, Hirokazu},
  journal={IEICE, PRMU},
  pages={79--86},
  year={2002}
}

@Misc{ARToolkit,
  title={ARToolkit},
  howpublished="\url{http://www.hitl.washington.edu/artoolkit/}"
}

@Misc{arpose,
  title={ar\_pose},
  howpublished="\url{http://www.ros.org/wiki/ar_pose}"
  }

@MISC{Pounds,
  author = {Paul Pounds and Robert Mahony and Peter Corke},
  title = {Modelling and Control of a Quad-Rotor Robot},
  year = {}
}

@inproceedings{Alkhatib,
  title={Comparison of Sequential Monte Carlo Filtering with Kalman Filtering for Nonlinear State Estimation},
  author={Alkhatib, Hamza and Neumann, Ingo and Neuner, Hans and Kutterer, Hansj{\"o}rg},
  booktitle={Proceedings of the 1th International Conference on Machine Control \& Guidance, June},
  pages={24--26},
  year={2008}
}

@article{Walker,
 author = {Walker, Alastair J.},
 title = {An Efficient Method for Generating Discrete Random Variables with General Distributions},
 journal = {ACM Trans. Math. Softw.},
 issue_date = {Sept. 1977},
 volume = {3},
 number = {3},
 month = sep,
 year = {1977},
 issn = {0098-3500},
 pages = {253--256},
 numpages = {4},
 url = {http://doi.acm.org/10.1145/355744.355749},
 doi = {10.1145/355744.355749},
 acmid = {355749},
 publisher = {ACM},
 address = {New York, NY, USA},
}

@misc{Welch,
  title={An introduction to the Kalman filter},
  author={Welch, Greg and Bishop, Gary},
  year={1995}
}

@misc{Wiki,
  title={Quadrotor},
  author={Wikipedia: The Free Encyclopedia},
  howpublished="\url{http://en.wikipedia.org/wiki/Quadrotor}"
}

@misc{CMVS,
  title={Clustering Views for Multi-view Stereo (CMVS)},
  author={Yasutaka Furukawa},
  howpublished="\url{http://www.di.ens.fr/cmvs/}"
}

@article{Tong,
  title={Scanning 3d full human bodies using kinects},
  author={Tong, Jing and Zhou, Jin and Liu, Ligang and Pan, Zhigeng and Yan, Hao},
  journal={Visualization and Computer Graphics, IEEE Transactions on},
  volume={18},
  number={4},
  pages={643--650},
  year={2012},
  publisher={IEEE}
}

@INPROCEEDINGS{Bills, 
author={Bills, C. and Chen, J. and Saxena, A.}, 
booktitle={Robotics and Automation (ICRA), 2011 IEEE International Conference on}, title={Autonomous MAV flight in indoor environments using single image perspective cues}, 
year={2011}, 
pages={5776-5783}, 
keywords={aerospace robotics;cameras;distance measurement;helicopters;mobile robots;remotely operated vehicles;robot vision;solid modelling;3D model;autonomous MAV flight;co-axial miniature helicopter;indoor environments;miniature aerial vehicles;miniature camera;range sensor;single image perspective cues;toy quadrotor;vision algorithms;Cameras;Indoor environments;Navigation;Robot vision systems;Three dimensional displays}, 
doi={10.1109/ICRA.2011.5980136}, 
ISSN={1050-4729},}