@IEEEtranBSTCTL{bstctl:etal,
  CTLuse_forced_etal = {yes},
  CTLmax_names_forced_etal = {3},
}

@IEEEtranBSTCTL{bstctl:nodash,
  CTLdash_repeated_names = {no},
}

@IEEEtranBSTCTL{bstctl:simpurl,
  CTLname_url_prefix = {Available: },
}

@MISC{Bristeau,
    author = {Pierre-Jean Bristeau and François Callou and David Vissière and Nicolas Petit},
    title = {The Navigation and Control technology inside the AR.Drone Micro UAV},
    year = {2011}
}

@MISC{Dijkshoorn,
    author = {Nick Dijkshoorn},
    title = {Simultaneous Localization and Mapping with the AR.Drone},
    year = {2012}
}

@INPROCEEDINGS{Clark, 
author={Leung, K.Y.K. and Clark, C.M. and Huissoon, J.P.}, 
booktitle={Robotics and Automation, 2008. ICRA 2008. IEEE International Conference on}, title={Localization in urban environments by matching ground level video images with an aerial image}, 
year={2008}, 
month={may}, 
volume={}, 
number={}, 
pages={551 -556}, 
doi={10.1109/ROBOT.2008.4543264}, 
ISSN={1050-4729},}

@inproceedings{Steffen,
  title={On visual real time mapping for unmanned aerial vehicles},
  author={Steffen, R. and F{\"o}rstner, W.},
  booktitle={21st Congress of the International Society for Photogrammetry and Remote Sensing (ISPRS)},
  pages={57--62},
  year={2008}
}

@MISC{Yap,
    author = {Teddy Yap and Mingyang Li and Anastasios I. Mourikis and Christian R. Shelton},
    title = {A Particle Filter for Monocular Vision-Aided Odometry},
    year = {}
}

@MISC{Rusinkiewicz,
    author = {Szymon Rusinkiewicz and Olaf Hall-Holt and Marc Levoy},
    title = {Real-Time 3D Model Acquisition},
    year = {2002}
}

@inproceedings{Levoy,
 author = {Levoy, Marc and Pulli, Kari and Curless, Brian and Rusinkiewicz, Szymon and Koller, David and Pereira, Lucas and Ginzton, Matt and Anderson, Sean and Davis, James and Ginsberg, Jeremy and Shade, Jonathan and Fulk, Duane},
 title = {The digital Michelangelo project: 3D scanning of large statues},
 booktitle = {Proceedings of the 27th annual conference on Computer graphics and interactive techniques},
 series = {SIGGRAPH '00},
 year = {2000},
 isbn = {1-58113-208-5},
 pages = {131--144},
 numpages = {14},
 url = {http://dx.doi.org/10.1145/344779.344849},
 doi = {10.1145/344779.344849},
 acmid = {344849},
 publisher = {ACM Press/Addison-Wesley Publishing Co.},
 address = {New York, NY, USA}
} 